@book{tdd,
  title={Type-driven Development with Idris},
  author={Brady, Edwin},
  isbn=9781617293023,
  lccn=2017288477,
  url={https://books.google.co.uk/books?id=eWzEjwEACAAJ},
  year=2017,
  publisher={Manning Publications Company}
}


@unpublished{dolan2016malfunctional,
  title={Malfunctional programming},
  author={Dolan, Stephen},
  year={2016},
  note={\url{https://www.cl.cam.ac.uk/~sd601/papers/malfunction.pdf}},
}

@unpublished{type-providers,
  title={{Type Providers in Idris}},
  author={{The Idris Community}},
  year=2017,
  note={\url{http://docs.idris-lang.org/en/latest/guides/type-providers-ffi.html}}
}



@article{f-modules,
  author    = {Andreas Rossberg and
               Claudio V. Russo and
               Derek Dreyer},
  title     = {F-ing modules},
  journal   = {J. Funct. Program.},
  volume    = 24,
  number    = 5,
  pages     = {529--607},
  year      = 2014,
  url       = {https://doi.org/10.1017/S0956796814000264},
  doi       = {10.1017/S0956796814000264},
  timestamp = {Sat, 27 May 2017 14:24:34 +0200},
  biburl    = {https://dblp.org/rec/bib/journals/jfp/RossbergRD14},
  bibsource = {dblp computer science bibliography, https://dblp.org}
}
