@article{AbedonHymanThomas2003,
  author = "Abedon, S. T. and Hyman, P. and Thomas, C.",
  year = "2003",
  title = "Experimental examination of bacteriophage latent-period evolution as a response to bacterial availability",
  journal = "Applied and Environmental Microbiology",
  volume = "69",
  pages = "7499--7506"
}

@incollection{Abedon1994,
  author = "Abedon, S. T.",
  title = "Lysis and the interaction between free phages and infected cells",
  pages = "397--405",
  booktitle = "Molecular biology of bacteriophage T4",
  editor = "Karam, Jim D. Karam and Drake, John W. and Kreuzer, Kenneth N. and Mosig, Gisela
            and Hall, Dwight and Eiserling, Frederick A. and Black, Lindsay W. and Kutter, Elizabeth
            and Carlson, Karin and Miller, Eric S. and Spicer, Eleanor",
  publisher = "ASM Press, Washington DC",
  year = "1994"
}

@misc{website:fermentas-lambda,
      author = "Fermentas Inc.",
      title = "Phage Lambda: description \& restriction map",
      month = "November",
      year = "2008",
      url = "http://www.fermentas.com/techinfo/nucleicacids/maplambda.htm"
}

@article{blackholes,
      author = "Rabbert Klein",
      title = "Black Holes and Their Relation to Hiding Eggs",
      journal = "Theoretical Easter Physics",
      publisher = "Eggs Ltd.",
      year = "2010",
      note = "(to appear)"
}